<record><leader>00000cas a22000007a 4500</leader><controlfield tag="001">10834996</controlfield><controlfield tag="008">840612d18uu1uuuiauwr ne      0    0eng d</controlfield><datafield ind1=" " ind2=" " tag="010"><subfield code="a">sn 84027017 </subfield></datafield><datafield ind1=" " ind2=" " tag="040"><subfield code="a">NPU</subfield><subfield code="b">eng</subfield><subfield code="c">NPU</subfield><subfield code="d">NPX</subfield><subfield code="d">INP</subfield><subfield code="d">OCLCQ</subfield></datafield><datafield ind1=" " ind2=" " tag="042"><subfield code="a">msc</subfield></datafield><datafield ind1="0" ind2="0" tag="245"><subfield code="a">Dallas County gazette.</subfield></datafield><datafield ind1=" " ind2=" " tag="260"><subfield code="a">Adel, Iowa :</subfield><subfield code="b">J.E. Williams</subfield></datafield><datafield ind1=" " ind2=" " tag="300"><subfield code="a">v. :</subfield><subfield code="b">ill. ;</subfield><subfield code="c">61 cm.</subfield></datafield><datafield ind1=" " ind2=" " tag="310"><subfield code="a">Weekly</subfield></datafield><datafield ind1=" " ind2=" " tag="500"><subfield code="a">Publishers: J. &amp; C.M. McLaury, &lt;1876&gt;; W.E. M'Pherson, &lt;Aug. 7, 1879&gt;.</subfield></datafield><datafield ind1=" " ind2=" " tag="500"><subfield code="a">"Democratic," &lt;1876&gt;.</subfield></datafield><datafield ind1=" " ind2=" " tag="588"><subfield code="a">Description based on: Vol. 7, no. 41 (Feb. 27, 1873).</subfield></datafield><datafield ind1=" " ind2=" " tag="752"><subfield code="a">United States</subfield><subfield code="b">Iowa</subfield><subfield code="c">Dallas</subfield><subfield code="d">Adel.</subfield></datafield><datafield ind1="0" ind2="0" tag="780"><subfield code="t">Dallas weekly gazette</subfield><subfield code="w">(DLC)sn 86061179</subfield></datafield></record>